@Article{Prosser93Hybrid,
 author = {Patrick Prosser},
 title = {Hybrid Algorithms For the Constraint Satisfaction Problem},
 journal = {Computational Intelligence},
 year = {1993},
 volume = {9},
 number = {3},
 pages = {268--299},
}
@inproceedings{monette2007cp,
  title={A cp approach to the balanced academic curriculum problem},
  author={Monette, J.N. and Schaus, P. and Zampelli, S. and Deville, Y. and Dupont, P.},
  booktitle={Symcon'07, The Seventh International Workshop on Symmetry and Constraint Satisfaction Problems},
  year={2007}
}
@inproceedings{hnich2002modelling,
  title={Modelling a balanced academic curriculum problem},
  author={Hnich, B. and Kiziltan, Z. and Walsh, T.},
  booktitle={Proceedings of CP-AI-OR-2002},
  year={2002}
}
@article{chiarandini2012balanced,
  title={The balanced academic curriculum problem revisited},
  author={Chiarandini, M. and Di Gaspero, L. and Gualandi, S. and Schaerf, A.},
  journal={Journal of Heuristics},
  pages={1--30},
  year={2012},
  publisher={Springer}
}
@article{lambert2006solving,
  title={Solving the balanced academic curriculum problem with an hybridization of genetic algorithm and constraint propagation},
  author={Lambert, T. and Castro, C. and Monfroy, E. and Saubion, F.},
  journal={Artificial Intelligence and Soft Computing--ICAISC 2006},
  pages={410--419},
  year={2006},
  publisher={Springer}
}
@article{schaus2007deviation,
  title={The deviation constraint},
  author={Schaus, P. and Deville, Y. and Dupont, P. and R{\'e}gin, J.C.},
  journal={Integration of AI and OR Techniques in Constraint Programming for Combinatorial Optimization Problems},
  pages={260--274},
  year={2007},
  publisher={Springer}
}
@article{castro2001variable,
  title={Variable and value ordering when solving balanced academic curriculum problems},
  author={Castro, C. and Manzano, S.},
  journal={Arxiv preprint cs/0110007},
  year={2001},
}
@article{schaerf1999survey,
  title={A survey of automated timetabling},
  author={Schaerf, A.},
  journal={Artificial intelligence review},
  volume={13},
  number={2},
  pages={87--127},
  year={1999},
  publisher={Springer}
}

@article{schaerfmodelling,
  title={Modelling and Solving the Generalised Balanced Academic Curriculum Problem with Heterogeneous Classes},
  author={Schaerf, A. and Chiarandini, M. and Di Gaspero, L.},
  year={2010}
}

@article{vergara,
  title={Desarrollo de un Modelo de Programación Lineal para la Generación de mallas Curriculares Balanceadas.},
  author={C Vergara},
  year={19934},
  publisher={UTFSM}
}

@book{baptiste2001constraint,
  title={Constraint-based scheduling: applying constraint programming to scheduling problems},
  author={Baptiste, P. and Le Pape, C. and Nuijten, W.},
  volume={39},
  year={2001},
  publisher={Springer}
}

@book{pinedo2012scheduling,
  title={Scheduling: theory, algorithms, and systems},
  author={Pinedo, M.L.},
  year={2012},
  publisher={Springer Verlag}
}
